@misc{rev, title={Smart Robot Servo}, url={http://www.revrobotics.com/rev-41-1097/}, journal={RevRobotics},note = "Last accessed 30 September 2019"}
