@misc{robotis, title={Dynamixel RX-24F Robot Actuator}, url={https://www.trossenrobotics.com/dynamixel-rx-24F-robot-actuator.aspx}, journal={from Robotis}}
