@misc{matterhackers, title={Nema 17 Stepper Motor 1.8}, url={https://www.matterhackers.com/store/l/nema-17-stepper-motor/sk/M1C4A52S?rcode=GAT9HR&gclid=EAIaIQobChMIkeKO-fr25AIVeP7jBx1RXw0VEAkYASABEgLPzvD_BwE},note = "Last accessed 30 September 2019"}
