@article{DBLP:journals/corr/abs-1803-09820,
  author    = {Leslie N. Smith},
  title     = {A disciplined approach to neural network hyper-parameters: Part 1
               - learning rate, batch size, momentum, and weight decay},
  journal   = {CoRR},
  volume    = {abs/1803.09820},
  year      = {2018},
  url       = {http://arxiv.org/abs/1803.09820},
  archivePrefix = {arXiv},
  eprint    = {1803.09820},
  timestamp = {Mon, 13 Aug 2018 16:46:45 +0200},
  biburl    = {https://dblp.org/rec/bib/journals/corr/abs-1803-09820},
  bibsource = {dblp computer science bibliography, https://dblp.org}
}

