%% This BibTeX bibliography file was created using BibDesk.
%% https://bibdesk.sourceforge.io/

%% Created for Trey Dufrene at 2020-04-22 18:25:01 -0700 


%% Saved with string encoding Unicode (UTF-8) 



@electronic{arm,
	Date-Added = {2020-04-22 18:23:34 -0700},
	Date-Modified = {2020-04-22 18:24:11 -0700},
	Title = {Cortex-A53 Specifications},
	Url = {https://developer.arm.com/ip-products/processors/cortex-a/cortex-a53}}

@webpage{gripper2,
	Booktitle = {Trossen Robotics},
	Date-Added = {2020-04-22 18:21:38 -0700},
	Date-Modified = {2020-04-22 18:24:59 -0700},
	Title = {{PhantomX Parallel Gripper Assembly Guide}},
	Url = {https://www.trossenrobotics.com/productdocs/assemblyguides/phantomx-parallel-gripper.html},
	Bdsk-Url-1 = {https://www.trossenrobotics.com/productdocs/assemblyguides/phantomx-parallel-gripper.html}}

@webpage{mit,
	Author = {OSI},
	Booktitle = {Open Source Initiative},
	Date-Added = {2020-04-22 18:21:38 -0700},
	Date-Modified = {2020-04-22 18:21:38 -0700},
	Title = {{The MIT License}},
	Url = {https://opensource.org/licenses/MIT},
	Year = {2019},
	Bdsk-Url-1 = {https://opensource.org/licenses/MIT}}

@datasheet{rpi,
	Abstract = {The Raspberry Pi 3 is the third generation Raspberry Pi. It replaced the Raspberry Pi 2 Model B in February 2016. Compared to the Raspberry Pi 2 it has: - A 1.2GHz 64-bit quad-core ARMv8 CPU - 802.11n Wireless LAN - Bluetooth 4.0 Bluetooth Low Energy (BLE)},
	Author = {{Raspberry Pi Foundation}},
	Booktitle = {Raspberry Pi Website},
	Date-Added = {2020-04-22 18:21:38 -0700},
	Date-Modified = {2020-04-22 18:21:38 -0700},
	Pages = {2837},
	Title = {{Raspberry Pi 3 Model B}},
	Url = {https://www.raspberrypi.org/products/raspberry-pi-3-model-b/},
	Year = {2016},
	Bdsk-Url-1 = {https://www.raspberrypi.org/products/raspberry-pi-3-model-b/}}

@electronic{tt,
	Date-Added = {2019-12-06 00:11:44 -0700},
	Date-Modified = {2019-12-06 00:12:17 -0700},
	Title = {PLA Density},
	Url = {https://all3dp.com/2/pla-density-what-s-the-density-of-pla-filament-plastic/},
	Bdsk-Url-1 = {https://all3dp.com/2/pla-density-what-s-the-density-of-pla-filament-plastic/}}

@electronic{cc,
	Date-Added = {2019-12-05 21:00:59 -0700},
	Date-Modified = {2019-12-05 21:02:00 -0700},
	Title = {Trossen Robotics},
	Url = {https://www.trossenrobotics.com/},
	Bdsk-Url-1 = {https://www.trossenrobotics.com/}}

@electronic{gg,
	Date-Added = {2019-12-05 21:00:15 -0700},
	Date-Modified = {2019-12-05 21:00:47 -0700},
	Title = {Range of Robot Cost -- Robot System Cost Series},
	Url = {https://motioncontrolsrobotics.com/range-robot-cost/},
	Bdsk-Url-1 = {https://motioncontrolsrobotics.com/range-robot-cost/}}

@electronic{ff,
	Date-Added = {2019-12-05 20:58:32 -0700},
	Date-Modified = {2019-12-05 20:59:22 -0700},
	Title = {Embry-Riddle Aeronautical University-Prescott},
	Url = {https://www.collegetuitioncompare.com/edu/104586/embry-riddle-aeronautical-university-prescott/},
	Bdsk-Url-1 = {https://www.collegetuitioncompare.com/edu/104586/embry-riddle-aeronautical-university-prescott/}}

@electronic{rr,
	Date-Added = {2019-12-05 20:57:27 -0700},
	Date-Modified = {2019-12-05 20:58:20 -0700},
	Title = {Sawyer: Rethink Robotics Unveils New Robot},
	Url = {https://spectrum.ieee.org/automaton/robotics/industrial-robots/sawyer-rethink-robotics-new-robot},
	Bdsk-Url-1 = {https://spectrum.ieee.org/automaton/robotics/industrial-robots/sawyer-rethink-robotics-new-robot}}

@electronic{runge,
	Author = {Michael Zeltkevic 1},
	Date-Added = {2019-12-05 10:11:28 -0700},
	Date-Modified = {2020-04-22 18:22:09 -0700},
	Month = {04},
	Title = {Runge-Kutta Methods},
	Url = {http://web.mit.edu/10.001/Web/Course_Notes/Differential_Equations_Notes/node5.html},
	Year = {1998},
	Bdsk-Url-1 = {http://web.mit.edu/10.001/Web/Course_Notes/Differential_Equations_Notes/node5.html}}

@electronic{dyna,
	Author = {ROBOTIS},
	Date-Added = {2019-12-04 22:42:18 -0700},
	Date-Modified = {2019-12-04 22:43:58 -0700},
	Title = {AX-12A e-Manual},
	Url = {http://emanual.robotis.com/docs/en/dxl/ax/ax-12a/},
	Year = {2019},
	Bdsk-Url-1 = {http://emanual.robotis.com/docs/en/dxl/ax/ax-12a/}}

@book{robo,
	Author = {M. Spong, S. Hutchinson and M. Vidyasager},
	Title = {Robot Modeling and Control},
	Year = {2006}}
