@article{DBLP:journals/corr/JohnsonAL16,
  author    = {Justin Johnson and
               Alexandre Alahi and
               Fei{-}Fei Li},
  title     = {Perceptual Losses for Real-Time Style Transfer and Super-Resolution},
  journal   = {CoRR},
  volume    = {abs/1603.08155},
  year      = {2016},
  url       = {http://arxiv.org/abs/1603.08155},
  archivePrefix = {arXiv},
  eprint    = {1603.08155},
  timestamp = {Mon, 22 Jul 2019 14:55:29 +0200},
  biburl    = {https://dblp.org/rec/bib/journals/corr/JohnsonAL16},
  bibsource = {dblp computer science bibliography, https://dblp.org}
}