%% This BibTeX bibliography file was created using BibDesk.
%% https://bibdesk.sourceforge.io/

%% Created for Trey Dufrene at 2020-04-13 16:05:00 -0700 


%% Saved with string encoding Unicode (UTF-8) 



@webpage{mit,
	Date-Added = {2020-04-13 16:01:15 -0700},
	Date-Modified = {2020-04-13 16:01:21 -0700},
	Title = {{"The MIT License," Open Source Initiative}},
	Url = {https://opensource.org/licenses/MIT}}

@webpage{arm,
	Date-Added = {2020-04-13 13:13:42 -0700},
	Date-Modified = {2020-04-13 13:13:45 -0700},
	Title = {{"Cortex-A53," arm Developer}}
	Url = {https://developer.arm.com/ip-products/processors/cortex-a/cortex-a53},
	Bdsk-Url-1 = {https://developer.arm.com/ip-products/processors/cortex-a/cortex-a53}}

@webpage{rpi,
	Date-Added = {2020-04-13 13:13:32 -0700},
	Date-Modified = {2020-04-13 13:13:37 -0700},
	Title = {{"Raspberry Pi 3 Model B+"}}
	Url = {https://static.raspberrypi.org/files/product-briefs/200206+Raspberry+Pi+3+Model+B+plus+Product+Brief+PRINT&DIGITAL.pdf},
	Bdsk-Url-1 = {https://static.raspberrypi.org/files/product-briefs/200206+Raspberry+Pi+3+Model+B+plus+Product+Brief+PRINT&DIGITAL.pdf}}

@webpage{ali,
	Date-Added = {2020-04-13 13:13:21 -0700},
	Date-Modified = {2020-04-13 13:13:26 -0700},
	Url = {https://www.aliexpress.com/item/32374217751.html},
	Bdsk-Url-1 = {https://www.aliexpress.com/item/32374217751.html}}

@webpage{gripper2,
	Date-Added = {2020-04-13 13:13:06 -0700},
	Date-Modified = {2020-04-13 13:13:11 -0700},
	Url = {https://www.trossenrobotics.com/productdocs/assemblyguides/phantomx-parallel-gripper.html},
	Bdsk-Url-1 = {https://www.trossenrobotics.com/productdocs/assemblyguides/phantomx-parallel-gripper.html}}

@webpage{gripper1,
	Date-Added = {2020-04-13 13:12:42 -0700},
	Date-Modified = {2020-04-13 13:13:04 -0700},
	Url = {https://www.trossenrobotics.com/p/phantomx-parallel-ax12-gripper.aspx?feed=Froogle&gclid=EAIaIQobChMIl_6Wsu3B6AIVJoNaBR3l3A_2EAQYASABEgK1o_D_BwE},
	Bdsk-Url-1 = {https://www.trossenrobotics.com/p/phantomx-parallel-ax12-gripper.aspx?feed=Froogle&gclid=EAIaIQobChMIl_6Wsu3B6AIVJoNaBR3l3A_2EAQYASABEgK1o_D_BwE}}

@book{robo,
	Author = {M. Spong, S. Hutchinson and M. Vidyasager},
	Title = {Robot Modeling and Control},
	Year = {2006}}
