%% This BibTeX bibliography file was created using BibDesk.
%% https://bibdesk.sourceforge.io/

%% Created for Trey Dufrene at 2019-12-04 22:43:58 -0700 


%% Saved with string encoding Unicode (UTF-8) 



@electronic{dyna,
	Author = {ROBOTIS},
	Date-Added = {2019-12-04 22:42:18 -0700},
	Date-Modified = {2019-12-04 22:43:58 -0700},
	Title = {AX-12A e-Manual},
	Url = {http://emanual.robotis.com/docs/en/dxl/ax/ax-12a/},
	Year = {2019}}

@book{robo,
	Author = {M. Spong, S. Hutchinson and M. Vidyasager},
	Title = {Robot Modeling and Control},
	Year = {2006}}
