@book{robo,
  author    = {M. Spong, S. Hutchinson and M. Vidyasager},
  title     = {Robot Modeling and Control},
  year      = {2006},
}
